<record><leader>00000cas a2200000 a 4500</leader><controlfield tag="001">25718826</controlfield><controlfield tag="007">hd afa014baca</controlfield><controlfield tag="007">hd bfa014baaa</controlfield><controlfield tag="007">hd bfa014baba</controlfield><controlfield tag="008">920427d18501851nyuwr nea     0    0eng c</controlfield><datafield ind1=" " ind2=" " tag="010"><subfield code="a">sn 99016377 </subfield></datafield><datafield ind1=" " ind2=" " tag="040"><subfield code="a">ZBS</subfield><subfield code="b">eng</subfield><subfield code="c">ZBS</subfield><subfield code="d">ATL</subfield><subfield code="d">OCLCQ</subfield><subfield code="d">OCLCF</subfield><subfield code="d">OCLCO</subfield><subfield code="d">OCLCQ</subfield></datafield><datafield ind1=" " ind2=" " tag="042"><subfield code="a">pcc</subfield></datafield><datafield ind1="1" ind2="4" tag="050"><subfield code="a">BV6201</subfield></datafield><datafield ind1="0" ind2=" " tag="130"><subfield code="a">New York weekly chronicle (New York, N.Y. : 1850)</subfield></datafield><datafield ind1="1" ind2="0" tag="245"><subfield code="a">New York weekly chronicle.</subfield></datafield><datafield ind1=" " ind2=" " tag="260"><subfield code="a">New York, N.Y. :</subfield><subfield code="b">Holman &amp; Co.,</subfield><subfield code="c">1850-1851.</subfield></datafield><datafield ind1=" " ind2=" " tag="300"><subfield code="a">1 volume ;</subfield><subfield code="c">53 cm</subfield></datafield><datafield ind1=" " ind2=" " tag="310"><subfield code="a">Weekly</subfield></datafield><datafield ind1=" " ind2=" " tag="336"><subfield code="a">text</subfield><subfield code="b">txt</subfield><subfield code="2">rdacontent</subfield></datafield><datafield ind1=" " ind2=" " tag="337"><subfield code="a">microform</subfield><subfield code="b">h</subfield><subfield code="2">rdamedia</subfield></datafield><datafield ind1=" " ind2=" " tag="338"><subfield code="a">microfilm reel</subfield><subfield code="b">hd</subfield><subfield code="2">rdacarrier</subfield></datafield><datafield ind1="0" ind2=" " tag="362"><subfield code="a">Vol. 1, no. 1 (Oct. 5, 1850)-v. 1, no. 50 (Sept. 20, 1851).</subfield></datafield><datafield ind1=" " ind2=" " tag="533"><subfield code="a">Microfilm.</subfield><subfield code="m">v.1 (1850)</subfield><subfield code="b">Evanston, Ill. :</subfield><subfield code="c">American Theological Library Association,</subfield><subfield code="d">1979-1980.</subfield><subfield code="e">1 microfilm reel ; 35 mm.</subfield><subfield code="f">(ATLA serials preservation program ; ATLA film R0119A).</subfield><subfield code="n">Film includes some issues of New York chronicle.</subfield></datafield><datafield ind1=" " ind2="0" tag="650"><subfield code="a">Baptists</subfield><subfield code="v">Newspapers.</subfield></datafield><datafield ind1=" " ind2="7" tag="650"><subfield code="a">Baptists.</subfield><subfield code="2">fast</subfield><subfield code="0">(OCoLC)fst00827285</subfield></datafield><datafield ind1=" " ind2="7" tag="655"><subfield code="a">Newspapers.</subfield><subfield code="2">fast</subfield><subfield code="0">(OCoLC)fst01423814</subfield></datafield><datafield ind1=" " ind2=" " tag="752"><subfield code="a">United States</subfield><subfield code="b">New York</subfield><subfield code="c">New York</subfield><subfield code="d">New York.</subfield></datafield><datafield ind1="1" ind2=" " tag="776"><subfield code="c">Original</subfield><subfield code="w">(DLC)sn 83030276</subfield><subfield code="w">(OCoLC)9429625</subfield></datafield><datafield ind1="0" ind2="0" tag="785"><subfield code="t">New York chronicle (New York, N.Y. : 1851)</subfield><subfield code="w">(DLC)sn 99016378</subfield><subfield code="w">(OCoLC)25718865</subfield></datafield><datafield ind1=" " ind2="0" tag="830"><subfield code="a">ATLA serials preservation program ;</subfield><subfield code="v">ATLA film R0119A.</subfield></datafield></record>